<record><leader>00000cas a22000007a 4500</leader><controlfield tag="001">9299973</controlfield><controlfield tag="008">830310d18721924moudr ne      0   b0ger d</controlfield><datafield ind1=" " ind2=" " tag="010"><subfield code="a">sn 83045050 </subfield></datafield><datafield ind1=" " ind2=" " tag="040"><subfield code="a">CRL</subfield><subfield code="b">eng</subfield><subfield code="c">CRL</subfield><subfield code="d">NPW</subfield><subfield code="d">NPX</subfield><subfield code="d">MQN</subfield><subfield code="d">MGN</subfield><subfield code="d">MQN</subfield><subfield code="d">NVF</subfield><subfield code="d">OCLCQ</subfield><subfield code="d">KRTAS</subfield><subfield code="d">OCLCF</subfield><subfield code="d">OCLCO</subfield></datafield><datafield ind1="1" ind2=" " tag="029"><subfield code="a">AU@</subfield><subfield code="b">000025808579</subfield></datafield><datafield ind1=" " ind2=" " tag="042"><subfield code="a">msc</subfield></datafield><datafield ind1="0" ind2=" " tag="130"><subfield code="a">Amerika (Saint Louis, Mo. : Daily)</subfield></datafield><datafield ind1="0" ind2="0" tag="245"><subfield code="a">Amerika.</subfield></datafield><datafield ind1=" " ind2=" " tag="250"><subfield code="a">Tagliche Ausg.</subfield></datafield><datafield ind1=" " ind2=" " tag="260"><subfield code="a">St. Louis, Mo. :</subfield><subfield code="b">German Literary Society of St. Louis,</subfield><subfield code="c">1872-1924.</subfield></datafield><datafield ind1=" " ind2=" " tag="300"><subfield code="a">v.</subfield></datafield><datafield ind1=" " ind2=" " tag="310"><subfield code="a">Daily</subfield></datafield><datafield ind1="0" ind2=" " tag="362"><subfield code="a">Jahrg. 1, Nr. 1 (17. Okt. 1872)-</subfield></datafield><datafield ind1="1" ind2=" " tag="362"><subfield code="a">Ceased Nov. 9, 1924.</subfield></datafield><datafield ind1=" " ind2=" " tag="500"><subfield code="a">Subtitle: Allgemeine Zeitung fu&#776;r Wahrheit und Recht.</subfield></datafield><datafield ind1=" " ind2=" " tag="546"><subfield code="a">In German.</subfield></datafield><datafield ind1=" " ind2=" " tag="580"><subfield code="a">Weekly eds.: Amerika (Saint Louis, Mo. : 1872), 1872-1874, and: Wochenblatt der Amerika, 1874-1892, and: Amerika (Saint Louis, Mo. : 1892), 1892-1924.</subfield></datafield><datafield ind1=" " ind2=" " tag="580"><subfield code="a">Sunday ed.: Sonntagsblatt der Amerika, &lt;1875-1892&gt;.</subfield></datafield><datafield ind1=" " ind2=" " tag="580"><subfield code="a">Semiweekly eds.: Amerika (Saint Louis, Mo. : Semiweekly), &lt;1903&gt;-1921, and: Amerika und Herold des Glaubens, 1921-1924.</subfield></datafield><datafield ind1=" " ind2="0" tag="651"><subfield code="a">Saint Louis (Mo.)</subfield><subfield code="v">Newspapers.</subfield></datafield><datafield ind1=" " ind2="0" tag="650"><subfield code="a">Germans</subfield><subfield code="z">Missouri</subfield><subfield code="v">Newspapers.</subfield></datafield><datafield ind1=" " ind2="0" tag="650"><subfield code="a">Catholics</subfield><subfield code="z">Missouri</subfield><subfield code="v">Newspapers.</subfield></datafield><datafield ind1=" " ind2="7" tag="655"><subfield code="a">Newspapers.</subfield><subfield code="2">fast</subfield><subfield code="0">(OCoLC)fst01423814</subfield></datafield><datafield ind1=" " ind2="7" tag="650"><subfield code="a">Catholics.</subfield><subfield code="2">fast</subfield><subfield code="0">(OCoLC)fst00849297</subfield></datafield><datafield ind1=" " ind2="7" tag="650"><subfield code="a">Germans.</subfield><subfield code="2">fast</subfield><subfield code="0">(OCoLC)fst00942100</subfield></datafield><datafield ind1=" " ind2="7" tag="651"><subfield code="a">Missouri.</subfield><subfield code="2">fast</subfield><subfield code="0">(OCoLC)fst01204724</subfield></datafield><datafield ind1=" " ind2="7" tag="651"><subfield code="a">Missouri</subfield><subfield code="z">Saint Louis.</subfield><subfield code="2">fast</subfield><subfield code="0">(OCoLC)fst01204930</subfield></datafield><datafield ind1=" " ind2=" " tag="752"><subfield code="a">United States</subfield><subfield code="b">Missouri</subfield><subfield code="d">Saint Louis.</subfield></datafield><datafield ind1="1" ind2=" " tag="775"><subfield code="t">Amerika (Saint Louis, Mo. : 1872)</subfield><subfield code="w">(DLC)sn 90061186</subfield></datafield><datafield ind1="1" ind2=" " tag="775"><subfield code="t">Wochenblatt der Amerika</subfield><subfield code="w">(DLC)sn 86063961</subfield></datafield><datafield ind1="1" ind2=" " tag="775"><subfield code="t">Amerika (Saint Louis, Mo. : 1892)</subfield><subfield code="w">(DLC)sn 90061187</subfield></datafield><datafield ind1="1" ind2=" " tag="775"><subfield code="t">Sonntagsblatt der Amerika</subfield><subfield code="w">(DLC)sn 90061188</subfield></datafield><datafield ind1="1" ind2=" " tag="775"><subfield code="t">Amerika (Saint Louis, Mo. : Semiweekly)</subfield><subfield code="w">(DLC)sn 93060139</subfield></datafield><datafield ind1="1" ind2=" " tag="775"><subfield code="t">Amerika und Herold des Glaubens</subfield><subfield code="w">(DLC)sn 93060161</subfield></datafield><datafield ind1=" " ind2=" " tag="938"><subfield code="a">Kirtas Technologies, Inc.</subfield><subfield code="b">KRTS</subfield><subfield code="n">736250</subfield></datafield></record>